symbol,isin,trade_date,exchange,segment,series,trade_type,quantity,price,trade_id,order_id,order_execution_time
TCS,INE467B01029,2021-02-12,NSE,EQ,EQ,buy,1.000000,3193.900000,75021847,1300000000214068,2021-02-12T09:15:02
ITC,INE154A01025,2021-02-12,NSE,EQ,EQ,buy,5.000000,218.100000,27844066,1100000008621096,2021-02-12T12:14:08
TCS,INE467B01029,2021-02-16,NSE,EQ,EQ,buy,1.000000,3135.000000,77499748,1300000009028040,2021-02-16T11:26:04
AMARAJABAT,INE885A01032,2021-02-22,NSE,EQ,EQ,buy,1.000000,898.000000,4366801,1000000019494818,2021-02-22T14:37:07
SONATSOFTW,INE269A01021,2021-02-23,NSE,EQ,EQ,buy,1.000000,486.100000,75008785,1300000000023199,2021-02-23T09:07:45
TATAPOWER,INE245A01021,2021-02-23,NSE,EQ,EQ,buy,2.000000,91.000000,75190651,1300000000029612,2021-02-23T09:17:37
VEDL,INE205A01025,2021-02-23,NSE,EQ,EQ,buy,1.000000,207.000000,80752917,1300000019523009,2021-02-23T15:00:55
FIEMIND,INE737H01014,2021-02-24,NSE,EQ,EQ,buy,1.000000,548.800000,25071636,1100000000298636,2021-02-24T09:15:44
SALZERELEC,INE457F01013,2021-02-25,NSE,EQ,EQ,buy,2.000000,117.300000,76114792,1300000003899187,2021-02-25T09:57:21
HCLTECH,INE860A01027,2021-02-25,NSE,EQ,EQ,buy,1.000000,931.300000,27283924,1100000006554009,2021-02-25T10:48:51
CROMPTON,INE299U01018,2021-02-25,NSE,EQ,EQ,buy,1.000000,386.700000,2324010,1020000008185126,2021-02-25T11:05:42
OLECTRA,INE260D01016,2021-02-25,NSE,EQ,EQ,buy,2.000000,183.750000,51936456,1200000007151023,2021-02-25T11:06:42
SUNTV,INE424H01027,2021-02-25,NSE,EQ,EQ,buy,1.000000,514.500000,78270949,1300000011298382,2021-02-25T12:20:20
HINDALCO,INE038A01020,2021-02-25,NSE,EQ,EQ,buy,1.000000,347.000000,29339036,1100000012831155,2021-02-25T13:18:55
POWERGRID,INE752E01010,2021-02-26,NSE,EQ,EQ,buy,2.000000,225.050000,51467304,1200000005789337,2021-02-26T10:19:51
JSWSTEEL,INE019A01038,2021-02-26,NSE,EQ,EQ,buy,1.000000,415.300000,51516538,1200000005966458,2021-02-26T10:22:16
HSCL,INE019C01026,2021-02-26,NSE,EQ,EQ,buy,10.000000,53.000000,26981454,1100000006826294,2021-02-26T10:28:24
TATAPOWER,INE245A01021,2021-02-26,NSE,EQ,EQ,buy,10.000000,95.000000,77392033,1300000004964098,2021-02-26T10:34:43
RAILTEL,INE0DD101019,2021-02-26,NSE,EQ,EQ,buy,10.000000,121.600000,77406359,1300000007968830,2021-02-26T10:35:07
NTPC,INE733E01010,2021-02-26,NSE,EQ,EQ,buy,5.000000,107.000000,52366156,1200000006573411,2021-02-26T11:27:07
JSWENERGY,INE121E01018,2021-02-26,NSE,EQ,EQ,buy,10.000000,72.000000,52461010,1200000006035293,2021-02-26T11:33:33
INDUSINDBK,INE095A01012,2021-02-26,NSE,EQ,EQ,buy,1.000000,1059.550000,28823177,1100000013833887,2021-02-26T12:22:04
HSCL,INE019C01026,2021-02-26,NSE,EQ,EQ,buy,10.000000,50.000000,32236692,1100000003856675,2021-02-26T15:21:40
HDFCBANK,INE040A01034,2021-03-01,NSE,EQ,EQ,buy,1.000000,1564.000000,25003950,1100000000050457,2021-03-01T09:07:03
TATAMOTORS,INE155A01022,2021-03-01,NSE,EQ,EQ,buy,1.000000,326.750000,76149446,1300000004193897,2021-03-01T09:52:32
BHARTIARTL,INE397D01024,2021-03-01,NSE,EQ,EQ,buy,1.000000,544.000000,1216715,1000000005535513,2021-03-01T10:07:31
HDFCLIFE,INE795G01014,2021-03-01,NSE,EQ,EQ,buy,1.000000,708.000000,26307573,1100000004835806,2021-03-01T10:09:44
TATACOFFEE,INE493A01027,2021-03-01,NSE,EQ,EQ,buy,1.000000,134.350000,76490988,1300000005564783,2021-03-01T10:13:32
MOTHERSUMI,INE775A01035,2021-03-01,NSE,EQ,EQ,buy,3.000000,224.000000,51282832,1200000004967391,2021-03-01T10:17:51
TATACOFFEE,INE493A01027,2021-03-01,NSE,EQ,EQ,buy,1.000000,133.000000,76641442,1300000005423248,2021-03-01T10:22:52
RAILTEL,INE0DD101019,2021-03-01,NSE,EQ,EQ,buy,10.000000,145.600000,77295989,1300000008285544,2021-03-01T11:02:59
RAILTEL,INE0DD101019,2021-03-01,NSE,EQ,EQ,buy,10.000000,144.000000,78197668,1300000011548247,2021-03-01T12:09:16
TATACOFFEE,INE493A01027,2021-03-01,NSE,EQ,EQ,buy,1.000000,130.000000,78608930,1300000012570059,2021-03-01T12:44:38
POWERGRID,INE752E01010,2021-03-01,BSE,EQ,A,sell,2.000000,225.100000,41125600,1614571242641552386,2021-03-01T13:00:33
RAILTEL,INE0DD101019,2021-03-02,NSE,EQ,EQ,buy,30.000000,166.600000,76424593,1300000004572543,2021-03-02T10:00:57
IBREALEST,INE069I01010,2021-03-02,NSE,EQ,EQ,buy,10.000000,99.700000,27132779,1100000006898482,2021-03-02T10:49:28
SONATSOFTW,INE269A01021,2021-03-02,BSE,EQ,A,sell,1.000000,491.000000,7503500,1614655800011310031,2021-03-02T11:13:25
INFY,INE009A01021,2021-03-02,NSE,EQ,EQ,buy,1.000000,1308.400000,30557566,1100000018142259,2021-03-02T15:22:24
BHARTIARTL,INE397D01024,2021-03-03,BSE,EQ,A,buy,1.000000,544.000000,296800,1614742200031021414,2021-03-03T09:17:04
RAILTEL,INE0DD101019,2021-03-03,NSE,EQ,EQ,sell,30.000000,171.000000,75938345,1300000000232315,2021-03-03T09:33:27
RAILTEL,INE0DD101019,2021-03-03,BSE,EQ,B,sell,30.000000,171.000000,6221900,1614742200024048840,2021-03-03T09:33:27
IBREALEST,INE069I01010,2021-03-03,BSE,EQ,A,buy,10.000000,100.500000,3168800,1614742200023353753,2021-03-03T10:00:29
TATACOFFEE,INE493A01027,2021-03-03,BSE,EQ,A,sell,3.000000,132.500000,36353600,1614748325848361079,2021-03-03T11:52:09
JSWENERGY,INE121E01018,2021-03-03,BSE,EQ,A,sell,10.000000,83.000000,3479100,1614742200025000504,2021-03-03T15:21:46
TATAPOWER,INE245A01021,2021-03-04,NSE,EQ,EQ,buy,10.000000,111.000000,77676812,1300000005920297,2021-03-04T11:02:40
APCL,INE071F01012,2021-03-04,NSE,EQ,EQ,buy,5.000000,226.000000,4116781,1000000016839161,2021-03-04T13:29:34
APCL,INE071F01012,2021-03-04,NSE,EQ,EQ,buy,5.000000,228.200000,4245506,1000000017411049,2021-03-04T13:39:16
CAMLINFINE,INE052I01032,2021-03-05,NSE,EQ,EQ,buy,10.000000,159.950000,1056019,1000000003866706,2021-03-05T09:47:52
HERANBA,INE694N01015,2021-03-05,NSE,EQ,EQ,buy,5.000000,907.000000,26775390,1100000005225013,2021-03-05T10:10:46
IRFC,INE053F01010,2021-03-05,NSE,EQ,EQ,buy,40.000000,25.000000,27927540,1100000001717295,2021-03-05T11:06:13
SBIN,INE062A01020,2021-03-08,NSE,EQ,EQ,buy,1.000000,387.550000,75162876,1300000000562611,2021-03-08T09:17:19
TATAMOTORS,INE155A01022,2021-03-08,NSE,EQ,EQ,buy,2.000000,326.000000,76050500,1300000003399021,2021-03-08T09:53:09
SBIN,INE062A01020,2021-03-08,NSE,EQ,EQ,buy,5.000000,392.000000,76503252,1300000003556264,2021-03-08T10:24:21
TATAMOTORS,INE155A01022,2021-03-08,NSE,EQ,EQ,buy,5.000000,326.000000,76529072,1300000004848550,2021-03-08T10:26:19
ICICIBANK,INE090A01021,2021-03-08,NSE,EQ,EQ,buy,1.000000,602.000000,28615379,1100000011637606,2021-03-08T13:51:00
MAHABANK,INE457A01014,2021-03-09,NSE,EQ,EQ,buy,20.000000,24.900000,50006647,1200000000031769,2021-03-09T09:07:45
NTPC,INE733E01010,2021-03-09,BSE,EQ,A,sell,5.000000,111.450000,294500,1615260600006069710,2021-03-09T09:18:41
MOTHERSUMI,INE775A01035,2021-03-09,BSE,EQ,A,sell,3.000000,225.800000,298500,1615260600005032047,2021-03-09T09:19:41
APCL,INE071F01012,2021-03-09,BSE,EQ,B,sell,10.000000,228.000000,392300,1615260600015017109,2021-03-09T09:44:32
TATAMOTORS,INE155A01022,2021-03-09,BSE,EQ,A,buy,3.000000,323.000000,5005200,1615260600007300305,2021-03-09T10:51:18
HCLTECH,INE860A01027,2021-03-09,BSE,EQ,A,buy,1.000000,960.000000,27747600,1615260600007213337,2021-03-09T11:18:48
ASIANPAINT,INE021A01026,2021-03-10,NSE,EQ,EQ,buy,1.000000,2440.950000,459636,1000000001290640,2021-03-10T09:29:00
BEL,INE263A01024,2021-03-10,NSE,EQ,EQ,buy,2.000000,140.550000,705665,1000000002800156,2021-03-10T09:42:55
BANKBARODA,INE028A01039,2021-03-12,NSE,EQ,EQ,buy,10.000000,80.750000,7653,1000000000044731,2021-03-12T09:07:09
IDBI,INE008A01015,2021-03-12,NSE,EQ,EQ,buy,25.000000,45.000000,25008095,1100000000028506,2021-03-12T09:07:09
HCLTECH,INE860A01027,2021-03-12,NSE,EQ,EQ,buy,2.000000,995.000000,25660526,1100000000711857,2021-03-12T09:31:38
J&KBANK,INE168A01041,2021-03-12,NSE,EQ,EQ,buy,10.000000,29.900000,51029896,1200000003344747,2021-03-12T10:01:36
SALZERELEC,INE457F01013,2021-03-12,NSE,EQ,EQ,sell,2.000000,135.150000,76488697,1300000004740145,2021-03-12T10:17:26
EXIDEIND,INE302A01020,2021-03-12,NSE,EQ,EQ,buy,5.000000,204.000000,27141250,1100000004197436,2021-03-12T11:04:07
HDFCLIFE,INE795G01014,2021-03-12,NSE,EQ,EQ,buy,2.000000,720.000000,27742594,1100000002042404,2021-03-12T11:59:35
JSWSTEEL,INE019A01038,2021-03-12,BSE,EQ,A,sell,1.000000,418.050000,5197800,1615519800048702577,2021-03-12T13:36:56
TATAPOWER,INE245A01021,2021-03-12,BSE,EQ,A,buy,20.000000,110.000000,8697600,1615519800050269031,2021-03-12T14:22:50
TATAPOWER,INE245A01021,2021-03-22,BSE,EQ,A,buy,15.000000,105.150000,639500,1616383800011072447,2021-03-22T09:19:42
SCI,INE109A01011,2021-03-23,NSE,EQ,EQ,buy,10.000000,120.650000,75141319,1300000000586598,2021-03-23T09:18:20
HDFCLIFE,INE795G01014,2021-03-23,BSE,EQ,A,buy,3.000000,688.650000,6084700,1616470200047025343,2021-03-23T09:45:12
HDFCBANK,INE040A01034,2021-03-24,NSE,EQ,EQ,buy,1.000000,1494.100000,25242555,1100000000859184,2021-03-24T09:21:49
HDFCLIFE,INE795G01014,2021-03-25,NSE,EQ,EQ,buy,1.000000,666.750000,30340795,1100000017471430,2021-03-25T15:27:55
VEDL,INE205A01025,2021-03-26,BSE,EQ,A,sell,1.000000,223.200000,110900,1616729400006041020,2021-03-26T09:15:47
HDFCLIFE,INE795G01014,2021-03-26,BSE,EQ,A,buy,2.000000,673.100000,4216200,1616729400005129124,2021-03-26T09:35:07
OLECTRA,INE260D01016,2021-03-26,BSE,EQ,B,sell,2.000000,220.000000,514100,1616729400021008310,2021-03-26T10:24:58
INDUSINDBK,INE095A01012,2021-03-26,BSE,EQ,A,buy,1.000000,958.150000,3302800,1616729400008509755,2021-03-26T13:21:22
HCLTECH,INE860A01027,2021-03-26,BSE,EQ,A,buy,1.000000,957.100000,20990400,1616729400005699367,2021-03-26T15:15:55
MAHABANK,INE457A01014,2021-03-26,BSE,EQ,A,buy,20.000000,20.900000,48168200,1616750744583295951,2021-03-26T15:16:38
TCS,INE467B01029,2021-03-30,BSE,EQ,A,sell,2.000000,3177.250000,4500300,1617075000053781154,2021-03-30T14:19:40
FIEMIND,INE737H01014,2021-03-30,BSE,EQ,B,sell,1.000000,544.900000,4448700,1617075000056419011,2021-03-30T15:17:58
HDFCLIFE,INE795G01014,2021-04-01,NSE,EQ,EQ,buy,3.000000,689.200000,25361141,1100000001031033,2021-04-01T09:24:37
ITC,INE154A01025,2021-04-01,NSE,EQ,EQ,sell,5.000000,219.900000,28367193,1100000008427913,2021-04-01T14:05:09
CROMPTON,INE299U01018,2021-04-01,BSE,EQ,A,sell,1.000000,388.900000,3681000,1617263078695269429,2021-04-01T14:05:27
AMARAJABAT,INE885A01032,2021-04-05,NSE,EQ,EQ,buy,1.000000,860.550000,502845,1000000002038082,2021-04-05T09:30:00
INDUSINDBK,INE095A01012,2021-04-05,BSE,EQ,A,buy,2.000000,961.050000,767300,1617593400028101377,2021-04-05T09:32:07
BANKBARODA,INE028A01039,2021-04-05,BSE,EQ,A,buy,10.000000,73.950000,1563600,1617593400053172197,2021-04-05T09:32:32
HDFCBANK,INE040A01034,2021-04-05,NSE,EQ,EQ,buy,2.000000,1446.400000,26330477,1100000004328036,2021-04-05T10:04:24
INDUSINDBK,INE095A01012,2021-04-05,BSE,EQ,A,buy,1.000000,946.950000,1873400,1617593400028226622,2021-04-05T10:05:37
HAPPSTMNDS,INE419U01012,2021-04-05,NSE,EQ,EQ,buy,2.000000,620.950000,27556605,1100000008898320,2021-04-05T11:22:00
TATAPOWER,INE245A01021,2021-04-05,NSE,EQ,EQ,buy,25.000000,101.150000,77746356,1300000010556959,2021-04-05T11:28:51
HINDALCO,INE038A01020,2021-04-06,NSE,EQ,EQ,sell,1.000000,357.700000,26166824,1100000004313135,2021-04-06T10:15:39
TATAPOWER,INE245A01021,2021-04-07,NSE,EQ,EQ,buy,15.000000,104.200000,79864542,1300000013205241,2021-04-07T15:25:41
TATASTLBSL,INE824B01021,2021-04-08,NSE,EQ,EQ,buy,20.000000,57.400000,75175971,1300000000635356,2021-04-08T09:18:04
IRCTC,INE335Y01012,2021-04-08,NSE,EQ,EQ,buy,2.000000,1688.900000,25298791,1100000000900116,2021-04-08T09:20:58
INFY,INE009A01021,2021-04-08,NSE,EQ,EQ,buy,2.000000,1444.000000,26033826,1100000002964975,2021-04-08T09:51:17
ICICIBANK,INE090A01021,2021-04-08,NSE,EQ,EQ,buy,3.000000,582.350000,26044895,1100000003001871,2021-04-08T09:51:54
COALINDIA,INE522F01014,2021-04-08,NSE,EQ,EQ,buy,5.000000,133.300000,3338409,1000000012585849,2021-04-08T13:13:53
COALINDIA,INE522F01014,2021-04-08,NSE,EQ,EQ,buy,4.000000,133.300000,3340129,1000000012585849,2021-04-08T13:14:10
COALINDIA,INE522F01014,2021-04-08,NSE,EQ,EQ,buy,1.000000,133.300000,3341692,1000000012585849,2021-04-08T13:14:24
INFY,INE009A01021,2021-04-12,NSE,EQ,EQ,buy,7.000000,1475.000000,25252518,1100000000687869,2021-04-12T09:17:43
TATAPOWER,INE245A01021,2021-04-12,NSE,EQ,EQ,buy,30.000000,97.600000,75348707,1300000001078730,2021-04-12T09:19:39
HAPPSTMNDS,INE419U01012,2021-04-12,NSE,EQ,EQ,sell,2.000000,652.750000,26550379,1100000005090148,2021-04-12T09:56:18
BANKBARODA,INE028A01039,2021-04-12,BSE,EQ,A,buy,20.000000,66.200000,12473900,1618198200000477799,2021-04-12T12:15:46
TATAPOWER,INE245A01021,2021-04-12,NSE,EQ,EQ,buy,30.000000,92.350000,79518926,1300000015441408,2021-04-12T12:18:33
TATAMOTORS,INE155A01022,2021-04-12,NSE,EQ,EQ,buy,5.000000,286.500000,79647389,1300000015966309,2021-04-12T12:25:55
JPPOWER,INE351F01018,2021-04-12,NSE,EQ,EQ,buy,300.000000,2.950000,53459200,1200000013703864,2021-04-12T12:38:01
MAHABANK,INE457A01014,2021-04-15,NSE,EQ,EQ,sell,40.000000,25.000000,50051561,1200000000157202,2021-04-15T09:15:23
ASIANPAINT,INE021A01026,2021-04-15,BSE,EQ,A,sell,1.000000,2550.000000,1480400,1618457400282000253,2021-04-15T10:06:11
IDFCFIRSTB,INE092T01019,2021-04-16,NSE,EQ,EQ,buy,12.000000,53.150000,26089956,1100000004195026,2021-04-16T10:20:11
IDFCFIRSTB,INE092T01019,2021-04-16,NSE,EQ,EQ,buy,25.000000,53.150000,26089957,1100000004195026,2021-04-16T10:20:11
IDFCFIRSTB,INE092T01019,2021-04-16,NSE,EQ,EQ,buy,13.000000,53.150000,26089958,1100000004195026,2021-04-16T10:20:11
INFY,INE009A01021,2021-04-16,NSE,EQ,EQ,buy,1.000000,1360.450000,26839057,1100000006890864,2021-04-16T11:40:26
TATASTLBSL,INE824B01021,2021-04-19,NSE,EQ,EQ,sell,20.000000,56.050000,75282104,1300000000870713,2021-04-19T09:18:46
J&KBANK,INE168A01041,2021-04-19,BSE,EQ,A,sell,10.000000,23.000000,387100,1618803000088048460,2021-04-19T09:19:41
SCI,INE109A01011,2021-04-19,NSE,EQ,EQ,sell,10.000000,97.500000,75328745,1300000001033371,2021-04-19T09:19:53
SUNTV,INE424H01027,2021-04-19,BSE,EQ,A,sell,1.000000,456.350000,624300,1618803000005044087,2021-04-19T09:20:01
IDBI,INE008A01015,2021-04-19,NSE,EQ,EQ,sell,25.000000,33.850000,25363219,1100000001075753,2021-04-19T09:20:22
HERANBA,INE694N01015,2021-04-19,BSE,EQ,B,sell,5.000000,623.850000,134000,1618803000090005876,2021-04-19T09:20:36
EXIDEIND,INE302A01020,2021-04-19,BSE,EQ,A,sell,5.000000,171.450000,701000,1618803000088052274,2021-04-19T09:20:44
CAMLINFINE,INE052I01032,2021-04-19,BSE,EQ,A,sell,10.000000,132.400000,4806600,1618803000000047458,2021-04-19T09:20:58
BEL,INE263A01024,2021-04-19,NSE,EQ,EQ,sell,2.000000,122.300000,433687,1000000001329524,2021-04-19T09:21:04
HSCL,INE019C01026,2021-04-19,BSE,EQ,A,sell,20.000000,41.600000,1533700,1618803000087130761,2021-04-19T09:26:29
IDFCFIRSTB,INE092T01019,2021-04-19,NSE,EQ,EQ,buy,15.000000,50.600000,29314822,1100000014276690,2021-04-19T14:23:15
HDFCLIFE,INE795G01014,2021-04-19,BSE,EQ,A,buy,2.000000,667.900000,17921800,1618803000011423713,2021-04-19T14:24:33
JPPOWER,INE351F01018,2021-04-19,BSE,EQ,B,buy,200.000000,2.900000,19385100,1618803000000614355,2021-04-19T14:41:43
HDFCLIFE,INE795G01014,2021-04-20,BSE,EQ,A,buy,3.000000,680.450000,3259900,1618889400061085938,2021-04-20T09:39:29
AMARAJABAT,INE885A01032,2021-04-20,BSE,EQ,A,buy,2.000000,811.200000,577600,1618889400001056110,2021-04-20T09:41:48
INDUSINDBK,INE095A01012,2021-04-20,NSE,EQ,EQ,buy,3.000000,854.500000,25776108,1100000002717889,2021-04-20T09:42:33
SBIN,INE062A01020,2021-04-20,BSE,EQ,A,buy,6.000000,338.200000,1243500,1618889400065086363,2021-04-20T09:43:00
HCLTECH,INE860A01027,2021-04-20,NSE,EQ,EQ,buy,2.000000,970.350000,27044196,1100000007034938,2021-04-20T11:26:03
HCLTECH,INE860A01027,2021-04-20,NSE,EQ,EQ,buy,1.000000,970.300000,27044195,1100000007034938,2021-04-20T11:26:03
HCLTECH,INE860A01027,2021-04-20,BSE,EQ,A,buy,1.000000,960.600000,15962900,1618889400061477070,2021-04-20T15:22:11
IDFCFIRSTB,INE092T01019,2021-04-22,NSE,EQ,EQ,buy,20.000000,50.950000,29205029,1100000014041582,2021-04-22T14:33:27
KPITTECH,INE04I401011,2021-04-23,NSE,EQ,EQ,buy,1.000000,198.000000,53171283,1200000012399990,2021-04-23T13:58:56
KPITTECH,INE04I401011,2021-04-23,NSE,EQ,EQ,buy,19.000000,197.650000,53173156,1200000012408409,2021-04-23T13:59:14
SBICARD,INE018E01016,2021-04-27,NSE,EQ,EQ,buy,3.000000,931.500000,75164419,1300000000594058,2021-04-27T09:17:43
SBICARD,INE018E01016,2021-04-27,NSE,EQ,EQ,buy,2.000000,931.550000,75185554,1300000000666438,2021-04-27T09:18:17
IRFC,INE053F01010,2021-04-27,NSE,EQ,EQ,buy,40.000000,21.200000,25254528,1100000000924267,2021-04-27T09:21:16
TATASTLBSL,INE824B01021,2021-04-27,NSE,EQ,EQ,buy,10.000000,63.100000,75532853,1300000001817457,2021-04-27T09:29:57
IDFCFIRSTB,INE092T01019,2021-04-28,NSE,EQ,EQ,buy,15.000000,53.950000,25360585,1100000001251149,2021-04-28T09:25:21
HCLTECH,INE860A01027,2021-04-28,BSE,EQ,A,buy,1.000000,933.000000,1080200,1619580600026093723,2021-04-28T09:27:36
BANKBARODA,INE028A01039,2021-04-28,NSE,EQ,EQ,buy,12.000000,66.000000,967834,1000000003743848,2021-04-28T09:42:52
TATAMETALI,INE056C01010,2021-05-03,NSE,EQ,EQ,buy,2.000000,1083.650000,75088850,1300000000330064,2021-05-03T09:15:29
ADVENZYMES,INE837H01020,2021-05-03,NSE,EQ,EQ,buy,4.000000,450.000000,3998340,1000000016280632,2021-05-03T13:45:55
GAEL,INE036B01030,2021-05-03,NSE,EQ,EQ,buy,15.000000,169.000000,28859618,1100000013016206,2021-05-03T14:16:41
ICICIBANK,INE090A01021,2021-05-03,NSE,EQ,EQ,sell,4.000000,592.650000,28935793,1100000013254646,2021-05-03T14:22:46
RAIN,INE855B01025,2021-05-03,NSE,EQ,EQ,buy,8.000000,181.950000,80328145,1300000018135261,2021-05-03T15:02:20
RAIN,INE855B01025,2021-05-03,NSE,EQ,EQ,buy,2.000000,182.000000,80328146,1300000018135261,2021-05-03T15:02:20
LAURUSLABS,INE947Q01028,2021-05-04,NSE,EQ,EQ,buy,5.000000,483.800000,50026201,1200000000192748,2021-05-04T09:15:06
AUBANK,INE949L01017,2021-05-04,NSE,EQ,EQ,buy,5.000000,951.950000,221265,1000000000830932,2021-05-04T09:18:10
TATAMETALI,INE056C01010,2021-05-04,BSE,EQ,A,sell,2.000000,1325.000000,2145200,1620099000021047213,2021-05-04T09:57:04
GAEL,INE036B01030,2021-05-04,NSE,EQ,EQ,sell,15.000000,165.000000,26235571,1100000003267560,2021-05-04T10:09:29
ADVENZYMES,INE837H01020,2021-05-04,NSE,EQ,EQ,sell,4.000000,459.000000,3529657,1000000002383331,2021-05-04T12:40:45
RAIN,INE855B01025,2021-05-04,NSE,EQ,EQ,sell,10.000000,185.000000,79110091,1300000006052977,2021-05-04T13:00:15
LAURUSLABS,INE947Q01028,2021-05-04,NSE,EQ,EQ,sell,5.000000,484.000000,54179817,1200000015390551,2021-05-04T14:45:07
TATASTLBSL,INE824B01021,2021-05-06,NSE,EQ,EQ,sell,10.000000,89.900000,75593501,1300000002054671,2021-05-06T09:28:21
VAIBHAVGBL,INE884A01019,2021-05-07,NSE,EQ,EQ,buy,1.000000,887.650000,75902358,1300000002943738,2021-05-07T09:35:01
VAIBHAVGBL,INE884A01019,2021-05-07,NSE,EQ,EQ,buy,4.000000,886.000000,75902357,1300000002943738,2021-05-07T09:35:01
VAIBHAVGBL,INE884A01019,2021-05-07,NSE,EQ,EQ,buy,5.000000,989.600000,76713342,1300000005300162,2021-05-07T10:07:17
NATIONALUM,INE139A01034,2021-05-10,NSE,EQ,EQ,buy,30.000000,77.900000,50145680,1200000000466659,2021-05-10T09:16:40
VAIBHAVGBL,INE884A01027,2021-05-10,NSE,EQ,EQ,sell,10.000000,972.050000,77730054,1300000002722277,2021-05-10T11:22:08
IDFCFIRSTB,INE092T01019,2021-05-10,NSE,EQ,EQ,buy,50.000000,55.350000,30662154,1100000012153810,2021-05-10T15:23:25
RAIN,INE855B01025,2021-05-11,NSE,EQ,EQ,buy,20.000000,180.500000,76713692,1300000004778708,2021-05-11T10:02:30
INFY,INE009A01021,2021-05-11,NSE,EQ,EQ,buy,3.000000,1329.400000,27781768,1100000008579166,2021-05-11T11:35:45
KIOCL,INE880L01014,2021-05-12,NSE,EQ,EQ,buy,5.000000,214.650000,50107540,1200000000346685,2021-05-12T09:15:59
NTPC,INE733E01010,2021-05-12,NSE,EQ,EQ,buy,10.000000,114.350000,50130907,1200000000084802,2021-05-12T09:16:19
NATIONALUM,INE139A01034,2021-05-12,NSE,EQ,EQ,sell,30.000000,78.200000,52778307,1200000007012112,2021-05-12T11:19:38
LTI,INE214T01019,2021-05-12,NSE,EQ,EQ,buy,1.000000,3667.650000,54212633,1200000013191479,2021-05-12T13:23:14
TATAPOWER,INE245A01021,2021-05-14,NSE,EQ,EQ,sell,138.000000,103.000000,75989086,1300000002363135,2021-05-14T09:31:08
TATAPOWER,INE245A01021,2021-05-14,NSE,EQ,EQ,sell,19.000000,103.000000,75989085,1300000002363135,2021-05-14T09:31:08
TATAMOTORS,INE155A01022,2021-05-14,NSE,EQ,EQ,sell,16.000000,319.750000,76045487,1300000002427662,2021-05-14T09:32:38
MINDTREE,INE018I01017,2021-05-17,NSE,EQ,EQ,buy,2.000000,2114.300000,50042858,1200000000223660,2021-05-17T09:15:13
BHARTIARTL,INE397D01024,2021-05-18,NSE,EQ,EQ,sell,2.000000,546.000000,29312,1000000000215944,2021-05-18T09:15:04
HAPPSTMNDS,INE419U01012,2021-05-18,NSE,EQ,EQ,buy,6.000000,761.450000,25067416,1100000000324811,2021-05-18T09:15:39
MINDTREE,INE018I01017,2021-05-18,NSE,EQ,EQ,buy,2.000000,2087.800000,50277742,1200000000970074,2021-05-18T09:20:37
KPITTECH,INE04I401011,2021-05-18,NSE,EQ,EQ,buy,40.000000,235.200000,50622796,1200000002238453,2021-05-18T09:33:42
BANKBARODA,INE028A01039,2021-05-18,NSE,EQ,EQ,buy,20.000000,77.000000,1506814,1000000001098228,2021-05-18T10:10:56
KIOCL,INE880L01014,2021-05-18,BSE,EQ,B,sell,5.000000,198.500000,928300,1621309500013090011,2021-05-18T10:37:59
COALINDIA,INE522F01014,2021-05-19,NSE,EQ,EQ,sell,10.000000,146.200000,451289,1000000000952972,2021-05-19T09:23:22
AUBANK,INE949L01017,2021-05-19,NSE,EQ,EQ,sell,5.000000,980.000000,700610,1000000002551951,2021-05-19T09:30:59
IRFC,INE053F01010,2021-05-19,NSE,EQ,EQ,sell,80.000000,23.200000,26788737,1100000003738930,2021-05-19T10:48:53
AUBANK,INE949L01017,2021-05-20,NSE,EQ,EQ,buy,5.000000,979.000000,497240,1000000001074790,2021-05-20T09:25:27
AUBANK,INE949L01017,2021-05-20,NSE,EQ,EQ,buy,5.000000,970.900000,2172814,1000000008060718,2021-05-20T11:02:13
AUBANK,INE949L01017,2021-05-20,NSE,EQ,EQ,sell,1.000000,960.050000,5465868,1000000018640858,2021-05-20T15:22:25
JPPOWER,INE351F01018,2021-05-21,NSE,EQ,EQ,sell,500.000000,3.300000,50628900,1200000002149601,2021-05-21T09:35:04
AUBANK,INE949L01017,2021-05-21,BSE,EQ,A,sell,9.000000,977.000000,17588400,1621567800010099178,2021-05-21T09:57:14
AUBANK,INE949L01017,2021-05-24,NSE,EQ,EQ,buy,1.000000,979.000000,165935,1000000000536180,2021-05-24T09:17:04
AUBANK,INE949L01017,2021-05-24,NSE,EQ,EQ,buy,1.000000,978.600000,197666,1000000000740796,2021-05-24T09:17:41
AUBANK,INE949L01017,2021-05-24,NSE,EQ,EQ,buy,2.000000,978.000000,566978,1000000001178852,2021-05-24T09:27:51
AUBANK,INE949L01017,2021-05-24,NSE,EQ,EQ,buy,2.000000,976.000000,582352,1000000000824550,2021-05-24T09:28:18
DEEPAKNTR,INE288B01029,2021-05-24,NSE,EQ,EQ,buy,2.000000,1799.600000,4293415,1000000016415702,2021-05-24T13:36:01
HDFCBANK,INE040A01034,2021-05-25,NSE,EQ,EQ,sell,4.000000,1495.000000,25512277,1100000000900639,2021-05-25T09:27:30
AMARAJABAT,INE885A01032,2021-05-26,NSE,EQ,EQ,buy,4.000000,743.950000,117419,1000000000459636,2021-05-26T09:16:10
KPITTECH,INE04I401011,2021-05-26,BSE,EQ,A,sell,35.000000,233.400000,3162900,1621999800000734319,2021-05-26T09:18:15
KPITTECH,INE04I401011,2021-05-26,BSE,EQ,A,sell,25.000000,233.450000,3162700,1621999800000734319,2021-05-26T09:18:15
RCF,INE027A01015,2021-05-26,NSE,EQ,EQ,buy,10.000000,87.950000,79509132,1300000015332534,2021-05-26T13:58:58
ENGINERSIN,INE510A01028,2021-05-26,NSE,EQ,EQ,buy,10.000000,85.800000,28865933,1100000012763364,2021-05-26T14:00:22
KPITTECH,INE04I401011,2021-05-26,NSE,EQ,EQ,buy,20.000000,226.700000,55062346,1200000017419591,2021-05-26T15:11:31
DOLAT,INE966A01022,2021-05-27,NSE,EQ,EQ,buy,30.000000,70.950000,85145,1000000000360386,2021-05-27T09:15:24
KPITTECH,INE04I401011,2021-05-27,NSE,EQ,EQ,buy,40.000000,230.000000,50315514,1200000001053420,2021-05-27T09:20:53
HAPPSTMNDS,INE419U01012,2021-05-31,NSE,EQ,EQ,sell,6.000000,860.000000,25295626,1100000000884859,2021-05-31T09:20:00
AUBANK,INE949L01017,2021-05-31,BSE,EQ,A,sell,6.000000,981.050000,8397700,1622431800000833788,2021-05-31T09:26:13
GRANULES,INE101D01020,2021-05-31,NSE,EQ,EQ,buy,10.000000,320.250000,25799854,1100000002566053,2021-05-31T09:37:04
IBREALEST,INE069I01010,2021-05-31,NSE,EQ,EQ,sell,20.000000,100.500000,28921423,1100000011830602,2021-05-31T13:47:34
HAPPSTMNDS,INE419U01012,2021-05-31,NSE,EQ,EQ,buy,6.000000,861.650000,29207599,1100000012607765,2021-05-31T14:12:50
CDSL,INE736A01011,2021-06-02,NSE,EQ,EQ,buy,1.000000,967.800000,236691,1000000000898957,2021-06-02T09:19:02
REDINGTON,INE891D01026,2021-06-02,NSE,EQ,EQ,buy,6.000000,240.150000,76150618,1300000003910134,2021-06-02T09:56:31
CDSL,INE736A01011,2021-06-02,NSE,EQ,EQ,buy,1.000000,976.000000,1252800,1000000004676323,2021-06-02T10:00:00
ONGC,INE213A01029,2021-06-02,NSE,EQ,EQ,buy,10.000000,117.250000,51209540,1200000004235732,2021-06-02T10:08:57
RELAXO,INE131B01039,2021-06-02,NSE,EQ,EQ,buy,1.000000,1058.850000,78396302,1300000011581039,2021-06-02T13:00:37
NIFTYBEES,INF204KB14I2,2021-06-02,NSE,EQ,EQ,buy,5.000000,166.500000,54136871,1200000013745569,2021-06-02T14:04:08
CDSL,INE736A01011,2021-06-02,NSE,EQ,EQ,buy,1.000000,969.350000,4633127,1000000017671077,2021-06-02T14:45:56
LTI,INE214T01019,2021-06-03,NSE,EQ,EQ,sell,1.000000,3848.000000,51164632,1200000003180391,2021-06-03T09:43:29
GRAVITA,INE024L01027,2021-06-03,NSE,EQ,EQ,buy,10.000000,103.200000,28739541,1100000012243546,2021-06-03T13:20:31
REDINGTON,INE891D01026,2021-06-04,NSE,EQ,EQ,buy,4.000000,253.900000,78387365,1300000012737630,2021-06-04T12:43:34
MAZDOCK,INE249Z01012,2021-06-07,NSE,EQ,EQ,buy,10.000000,238.950000,50103715,1200000000386359,2021-06-07T09:15:32
LT,INE018A01030,2021-06-07,NSE,EQ,EQ,buy,2.000000,1544.500000,50127303,1200000000433211,2021-06-07T09:15:51
DEEPAKNTR,INE288B01029,2021-06-07,NSE,EQ,EQ,buy,2.000000,1742.850000,122519,1000000000447638,2021-06-07T09:15:55
MOTHERSUMI,INE775A01035,2021-06-07,NSE,EQ,EQ,buy,10.000000,253.400000,50826789,1200000002352300,2021-06-07T09:34:08
GRANULES,INE101D01020,2021-06-08,NSE,EQ,EQ,sell,10.000000,324.900000,26113787,1100000003363487,2021-06-08T09:48:13
ONGC,INE213A01029,2021-06-08,NSE,EQ,EQ,sell,10.000000,123.050000,51269192,1200000004037985,2021-06-08T09:55:01
NTPC,INE733E01010,2021-06-08,BSE,EQ,A,sell,10.000000,117.000000,4654300,1623123000012279079,2021-06-08T10:30:43
ENGINERSIN,INE510A01028,2021-06-09,BSE,EQ,A,sell,10.000000,85.050000,15300,1623209400051004622,2021-06-09T09:07:13
DOLAT,INE966A01022,2021-06-09,BSE,EQ,B,sell,30.000000,71.250000,5428200,1623209400003097612,2021-06-09T14:57:03
GRAVITA,INE024L01027,2021-06-09,NSE,EQ,EQ,sell,6.000000,104.100000,30691344,1100000018246433,2021-06-09T14:57:18
GRAVITA,INE024L01027,2021-06-09,NSE,EQ,EQ,sell,1.000000,104.100000,30691343,1100000018246433,2021-06-09T14:57:18
GRAVITA,INE024L01027,2021-06-09,NSE,EQ,EQ,sell,3.000000,104.050000,30691345,1100000018246433,2021-06-09T14:57:18
LAURUSLABS,INE947Q01028,2021-06-10,NSE,EQ,EQ,buy,6.000000,634.950000,51049492,1200000003860481,2021-06-10T09:56:03
LAURUSLABS,INE947Q01028,2021-06-11,NSE,EQ,EQ,buy,6.000000,610.000000,51790510,1200000001572405,2021-06-11T10:18:20
RAIN,INE855B01025,2021-06-11,BSE,EQ,A,sell,20.000000,182.600000,2242400,1623382200065227469,2021-06-11T10:41:14
SBIN,INE062A01020,2021-06-11,NSE,EQ,EQ,sell,12.000000,427.000000,78077077,1300000011111449,2021-06-11T11:53:53
PETRONET,INE347G01014,2021-06-14,NSE,EQ,EQ,buy,15.000000,232.650000,50135072,1200000000408776,2021-06-14T09:16:13
JKIL,INE576I01022,2021-06-15,NSE,EQ,EQ,buy,12.000000,199.550000,55496280,1200000018565898,2021-06-15T15:29:41
JKIL,INE576I01022,2021-06-15,NSE,EQ,EQ,buy,3.000000,199.550000,55498914,1200000018565898,2021-06-15T15:29:47
SBICARD,INE018E01016,2021-06-18,NSE,EQ,EQ,buy,3.000000,993.750000,75500234,1300000001671962,2021-06-18T09:24:13
SBICARD,INE018E01016,2021-06-18,NSE,EQ,EQ,buy,1.000000,999.950000,75647832,1300000002187784,2021-06-18T09:28:57
MAZDOCK,INE249Z01012,2021-06-18,BSE,EQ,B,sell,10.000000,254.200000,1395900,1623987000065056229,2021-06-18T09:42:44
RCF,INE027A01015,2021-06-18,BSE,EQ,A,sell,10.000000,81.200000,4271500,1623987000061362745,2021-06-18T11:01:03
IRCTC,INE335Y01012,2021-06-18,BSE,EQ,A,sell,1.000000,1992.700000,62580700,1623993210254726261,2021-06-18T11:03:35
IRCTC,INE335Y01012,2021-06-18,BSE,EQ,A,sell,1.000000,1992.750000,62580500,1623993210254726261,2021-06-18T11:03:35
JKIL,INE576I01022,2021-06-21,BSE,EQ,A,sell,15.000000,185.100000,366500,1624245318026050064,2021-06-21T09:15:02
LT,INE018A01030,2021-06-21,NSE,EQ,EQ,sell,2.000000,1451.300000,50153952,1200000000561493,2021-06-21T09:17:14
LAURUSLABS,INE947Q01028,2021-06-21,NSE,EQ,EQ,sell,12.000000,584.550000,50161204,1200000000585501,2021-06-21T09:17:24
PETRONET,INE347G01014,2021-06-21,BSE,EQ,A,sell,15.000000,225.200000,4603300,1624245318026435425,2021-06-21T09:20:45
MOTHERSUMI,INE775A01035,2021-06-21,BSE,EQ,A,sell,10.000000,232.900000,488600,1624246200072028278,2021-06-21T09:20:57
CANBK,INE476A01014,2021-06-22,NSE,EQ,EQ,buy,25.000000,154.400000,390364,1000000001239903,2021-06-22T09:20:05
POWERGRID,INE752E01010,2021-06-22,NSE,EQ,EQ,buy,18.000000,235.650000,50317083,1200000001077574,2021-06-22T09:21:05
IBULHSGFIN,INE148I01020,2021-06-22,NSE,EQ,EQ,buy,20.000000,283.900000,25334248,1100000001060250,2021-06-22T09:22:03
SBICARD,INE018E01016,2021-06-22,NSE,EQ,EQ,buy,1.000000,996.800000,75449151,1300000001554656,2021-06-22T09:24:54
NIFTYBEES,INF204KB14I2,2021-06-22,NSE,EQ,EQ,sell,5.000000,169.900000,54126634,1200000015254893,2021-06-22T14:09:43
SBICARD,INE018E01016,2021-06-23,NSE,EQ,EQ,buy,1.000000,956.650000,75081050,1300000000424702,2021-06-23T09:15:31
SBICARD,INE018E01016,2021-06-23,NSE,EQ,EQ,buy,1.000000,956.550000,75081049,1300000000424702,2021-06-23T09:15:31
INDUSINDBK,INE095A01012,2021-06-23,BSE,EQ,A,sell,8.000000,1015.500000,843900,1624418101058088175,2021-06-23T09:27:00
SBICARD,INE018E01016,2021-06-23,NSE,EQ,EQ,buy,3.000000,931.000000,81096237,1300000001741223,2021-06-23T15:21:25
LAURUSLABS,INE947Q01028,2021-06-25,NSE,EQ,EQ,buy,5.000000,656.200000,53306419,1200000013646534,2021-06-25T14:18:55
GUJGASLTD,INE844O01030,2021-06-28,NSE,EQ,EQ,buy,5.000000,664.250000,25768425,1100000002521356,2021-06-28T09:39:11
CDSL,INE736A01011,2021-06-28,NSE,EQ,EQ,buy,3.000000,973.950000,1125462,1000000004231805,2021-06-28T09:59:11
CDSL,INE736A01011,2021-06-28,NSE,EQ,EQ,buy,1.000000,973.950000,1125463,1000000004231805,2021-06-28T09:59:11
LAURUSLABS,INE947Q01028,2021-06-28,NSE,EQ,EQ,buy,4.000000,670.000000,51067794,1200000003949162,2021-06-28T09:59:31
LAURUSLABS,INE947Q01028,2021-06-28,NSE,EQ,EQ,buy,2.000000,669.900000,51067793,1200000003949162,2021-06-28T09:59:31
IDFCFIRSTB,INE092T01019,2021-06-28,NSE,EQ,EQ,buy,6.000000,57.500000,26807074,1100000006034769,2021-06-28T10:56:28
HDFCLIFE,INE795G01014,2021-06-29,NSE,EQ,EQ,sell,17.000000,681.600000,25030449,1100000000281558,2021-06-29T09:15:04
HDFCLIFE,INE795G01014,2021-06-29,NSE,EQ,EQ,buy,17.000000,694.300000,26135398,1100000003405152,2021-06-29T09:59:04
IDFCFIRSTB,INE092T01019,2021-06-30,NSE,EQ,EQ,buy,42.000000,54.800000,27402130,1100000006968823,2021-06-30T11:45:32
IDFCFIRSTB,INE092T01019,2021-07-01,NSE,EQ,EQ,buy,52.000000,54.250000,29522126,1100000012537061,2021-07-01T15:20:26
DEEPAKNI,INE288B01029,2021-07-02,BSE,EQ,A,sell,4.000000,1915.300000,3634200,1625196600011146194,2021-07-02T10:28:48
HDFCLIFE,INE795G01014,2021-07-23,BSE,EQ,A,buy,12.000000,665.800000,1704900,1627011000141111539,2021-07-23T09:22:22
POLYCAB,INE455K01017,2021-07-27,NSE,EQ,EQ,buy,4.000000,1865.000000,50100836,1200000000413879,2021-07-27T09:16:17
POLYPLEX,INE633B01018,2021-07-27,NSE,EQ,EQ,buy,4.000000,1500.000000,50116475,1200000000463803,2021-07-27T09:16:35
POLYCAB,INE455K01017,2021-07-27,NSE,EQ,EQ,buy,1.000000,1859.050000,50201588,1200000000743171,2021-07-27T09:18:34
CLEAN,INE227W01023,2021-08-05,NSE,EQ,EQ,buy,2.000000,1624.100000,1764500,1000000007144189,2021-08-05T11:07:38
POLYPLEX,INE633B01018,2021-08-10,NSE,EQ,EQ,buy,2.000000,1488.950000,52634255,1200000010241528,2021-08-10T12:55:11
CLEAN,INE227W01023,2021-08-10,NSE,EQ,EQ,buy,2.000000,1541.700000,2407465,1000000009435958,2021-08-10T12:55:44
SEQUENT,INE807F01027,2021-08-13,NSE,EQ,EQ,buy,20.000000,259.150000,78440726,1300000011271462,2021-08-13T12:42:15
IEX,INE022Q01020,2021-08-13,NSE,EQ,EQ,buy,10.000000,410.000000,28366868,1100000010949029,2021-08-13T12:42:16
AEGISCHEM,INE208C01025,2021-08-13,NSE,EQ,EQ,buy,12.000000,285.700000,2598158,1000000010188849,2021-08-13T12:42:48
AEGISCHEM,INE208C01025,2021-08-13,NSE,EQ,EQ,buy,3.000000,285.800000,2598159,1000000010188849,2021-08-13T12:42:48
KPITTECH,INE04I401011,2021-08-13,NSE,EQ,EQ,buy,15.000000,329.950000,53685463,1200000013886056,2021-08-13T14:09:19
BANKBARODA,INE028A01039,2021-08-17,NSE,EQ,EQ,sell,72.000000,79.300000,51863,1000000000254134,2021-08-17T09:15:45
AVANTIFEED,INE871C01038,2021-08-17,NSE,EQ,EQ,buy,9.000000,571.850000,73126,1000000000315875,2021-08-17T09:16:13
CANBK,INE476A01014,2021-08-17,BSE,EQ,A,sell,25.000000,155.000000,728000,1629171000041093424,2021-08-17T09:26:55
MINDTREE,INE018I01017,2021-08-24,NSE,EQ,EQ,sell,4.000000,3515.800000,50893433,1200000000203694,2021-08-24T09:46:11
POWERGRID,INE752E01010,2021-08-24,BSE,EQ,A,sell,6.000000,177.400000,17081500,1629780114078549637,2021-08-24T10:23:19
POWERGRID,INE752E01010,2021-08-24,BSE,EQ,A,sell,18.000000,177.350000,17081700,1629780114078549637,2021-08-24T10:23:19
KPITTECH,INE04I401011,2021-08-25,NSE,EQ,EQ,buy,10.000000,316.900000,50971422,1200000004261711,2021-08-25T10:06:13
SEQUENT,INE807F01027,2021-08-25,BSE,EQ,A,buy,4.000000,233.500000,16688200,1629865633188440978,2021-08-25T10:07:14
SEQUENT,INE807F01027,2021-08-25,BSE,EQ,A,buy,2.000000,233.450000,16688000,1629865633188440978,2021-08-25T10:07:14
SEQUENT,INE807F01027,2021-08-25,BSE,EQ,A,buy,14.000000,233.550000,16688400,1629865633188440978,2021-08-25T10:07:14
IEX,INE022Q01020,2021-08-26,BSE,EQ,A,buy,10.000000,433.950000,251600,1629948600073051520,2021-08-26T09:18:19
CLEAN,INE227W01023,2021-08-27,BSE,EQ,B,buy,2.000000,1442.050000,232200,1630035000030053363,2021-08-27T09:23:43
CLEAN,INE227W01023,2021-08-27,BSE,EQ,B,buy,1.000000,1441.950000,232000,1630035000030053363,2021-08-27T09:23:43
AVANTIFEED,INE871C01038,2021-08-30,NSE,EQ,EQ,buy,6.000000,564.000000,858583,1000000003206136,2021-08-30T09:49:44
IBULHSGFIN,INE148I01020,2021-08-30,NSE,EQ,EQ,buy,12.000000,224.450000,26397295,1100000004593420,2021-08-30T10:21:51
REDINGTON,INE891D01026,2021-08-31,BSE,EQ,A,sell,2.000000,147.300000,402700,1630379701026091259,2021-08-31T09:26:05
REDINGTON,INE891D01026,2021-08-31,BSE,EQ,A,sell,18.000000,147.250000,402900,1630379701026091259,2021-08-31T09:26:05
RADICO,INE944F01028,2021-09-06,NSE,EQ,EQ,buy,4.000000,904.450000,75484133,1300000001595121,2021-09-06T09:25:09
CDSL-BE,INE736A01011,2021-09-06,NSE,EQ,BE,buy,3.000000,1207.200000,429870,1000000001716168,2021-09-06T09:31:09
AEGISLOG,INE208C01025,2021-09-06,BSE,EQ,A,buy,15.000000,258.500000,3920400,1630909563603021650,2021-09-06T12:24:37
GUJGAS,INE844O01030,2021-09-07,BSE,EQ,A,buy,1.000000,689.800000,108400,1630985400063046285,2021-09-07T09:16:08
GUJGAS,INE844O01030,2021-09-07,BSE,EQ,A,buy,4.000000,689.750000,108200,1630985400063046285,2021-09-07T09:16:08
KRSNAA,INE08LI01020,2021-09-14,NSE,EQ,EQ,buy,1.000000,883.950000,51342451,1200000004403536,2021-09-14T10:26:05
KRSNAA,INE08LI01020,2021-09-14,NSE,EQ,EQ,buy,4.000000,884.000000,51342452,1200000004403536,2021-09-14T10:26:05
AEGISCHEM,INE208C01025,2021-09-15,NSE,EQ,EQ,buy,10.000000,244.700000,789841,1000000002843346,2021-09-15T09:49:24
GPIL-BE,INE177H01013,2021-09-16,NSE,EQ,BE,buy,2.000000,1400.700000,25051036,1100000000156396,2021-09-16T09:15:10
GPIL-BE,INE177H01013,2021-09-22,NSE,EQ,BE,sell,2.000000,1128.000000,25013561,1100000000006138,2021-09-22T09:07:13
KRSNAA,INE08LI01020,2021-09-22,BSE,EQ,B,buy,3.000000,799.950000,300358200,1632281400044086365,2021-09-22T09:55:42
AMARAJABAT,INE885A01032,2021-09-23,BSE,EQ,A,sell,8.000000,737.800000,300415400,1632366901242113164,2021-09-23T09:33:51
LAURUSLABS,INE947Q01028,2021-09-23,BSE,EQ,A,buy,9.000000,624.400000,301848100,1632366901092290934,2021-09-23T09:37:40
SEQUENT,INE807F01027,2021-09-23,BSE,EQ,A,buy,15.000000,217.100000,316254900,1632370776205213125,2021-09-23T10:07:57
CAMS,INE596I01012,2021-09-24,NSE,EQ,EQ,buy,2.000000,3419.100000,2823113,1000000011105030,2021-09-24T12:50:53
AEGISLOG,INE208C01025,2021-09-30,BSE,EQ,A,buy,10.000000,233.050000,915500,1632972600018221771,2021-09-30T09:42:28
CUB,INE491A01021,2021-10-08,NSE,EQ,EQ,buy,20.000000,165.500000,3943386,1000000015736704,2021-10-08T14:38:05
BANKBARODA,INE028A01039,2021-10-08,NSE,EQ,EQ,buy,75.000000,88.250000,4838482,1000000018023718,2021-10-08T15:24:16
BANKBARODA,INE028A01039,2021-10-11,BSE,EQ,A,sell,75.000000,88.550000,3562900,1633922101163329083,2021-10-11T10:24:55
CASTROLIND,INE172A01027,2021-10-12,NSE,EQ,EQ,buy,22.000000,147.600000,281506,1000000001083935,2021-10-12T09:22:16
WELSPUNIND,INE192B01031,2021-10-12,NSE,EQ,EQ,buy,40.000000,165.900000,82304814,1300000021673969,2021-10-12T15:22:45
INFY,INE009A01021,2021-10-12,BSE,EQ,A,buy,2.000000,1688.000000,12100800,1634025437721906157,2021-10-12T15:24:52
KRSNAA,INE08LI01020,2021-10-13,BSE,EQ,B,buy,4.000000,766.850000,471500,1634095800030060916,2021-10-13T09:26:23
SARLAPOLY,INE453D01025,2021-10-13,NSE,EQ,EQ,buy,100.000000,58.150000,76039255,1300000002906035,2021-10-13T09:33:14
RADICO,INE944F01028,2021-10-18,NSE,EQ,EQ,buy,3.000000,1128.000000,75711804,1300000001860456,2021-10-18T09:23:32
IEX,INE022Q01020,2021-10-19,NSE,EQ,EQ,buy,6.000000,925.950000,26225087,1100000000796186,2021-10-19T09:38:52
IEX,INE022Q01020,2021-10-19,NSE,EQ,EQ,buy,2.000000,931.950000,26228320,1100000002239208,2021-10-19T09:38:58
IEX,INE022Q01020,2021-10-19,NSE,EQ,EQ,buy,5.000000,931.950000,26228319,1100000002239208,2021-10-19T09:38:58
IEX,INE022Q01020,2021-10-19,NSE,EQ,EQ,buy,2.000000,945.650000,26275063,1100000004001413,2021-10-19T09:39:59
CASTROLIND,INE172A01027,2021-10-20,NSE,EQ,EQ,sell,22.000000,141.450000,1055836,1000000003767604,2021-10-20T09:41:10
CUB,INE491A01021,2021-10-20,NSE,EQ,EQ,sell,20.000000,165.750000,1059929,1000000003784607,2021-10-20T09:41:19
WELSPUNIND,INE192B01031,2021-10-20,NSE,EQ,EQ,sell,39.000000,148.750000,76749098,1300000005047761,2021-10-20T09:41:39
WELSPUNIND,INE192B01031,2021-10-20,NSE,EQ,EQ,sell,1.000000,148.800000,76749097,1300000005047761,2021-10-20T09:41:39
RELAXO,INE131B01039,2021-10-25,BSE,EQ,A,sell,1.000000,1303.100000,8525000,1635135270008188657,2021-10-25T09:51:21
IEX,INE022Q01020,2021-10-25,NSE,EQ,EQ,sell,35.000000,699.700000,27221493,1100000006302746,2021-10-25T09:51:58
IEX,INE022Q01020,2021-10-26,NSE,EQ,EQ,buy,30.000000,713.250000,25104238,1100000000419802,2021-10-26T09:15:55
IEX,INE022Q01020,2021-10-26,NSE,EQ,EQ,sell,30.000000,720.550000,25169944,1100000000605990,2021-10-26T09:16:53
IEX,INE022Q01020,2021-10-27,NSE,EQ,EQ,buy,4.000000,746.350000,25121165,1100000000463734,2021-10-27T09:16:06
IEX,INE022Q01020,2021-10-27,NSE,EQ,EQ,buy,16.000000,746.350000,25121166,1100000000463734,2021-10-27T09:16:06
